% References for the "Commented References" section
%%%%%%%%%%%%%%%%%%%%%%%%%%%%%%%%%%%%%%%%%%%%%%%%%%%


@Misc{cohomCalg:Implementation,
     title        = "{\fontfamily{put}\bfseries\footnotesize\selectfont cohomCalg} package",
     howpublished = "Download link",
     url          = "https://github.com/BenjaminJurke/cohomCalg",
     note         = "High-performance line bundle cohomology computation based on \cite{CohomOfLineBundles:Algorithm}",
     year         = "2010"
}
@Article{CohomOfLineBundles:Algorithm,
     author    = "Blumenhagen, Ralph and Jurke, Benjamin and Rahn, Thorsten and Roschy, Helmut",
     title     = "{Cohomology of Line Bundles: A Computational Algorithm}",
     publisher = "AIP",
     year      = "2010",
		 journal   = "J.~Math.~Phys.",
     volume    = "51",
     number    = "10",
     eid       = "103525",
     numpages  = "15",
     pages     = "103525",
     doi       = "10.1063/1.3501132",
     eprint    = "1003.5217",
     archivePrefix = "arXiv",
     primaryClass  = "hep-th",
     SLACcitation  = "%%CITATION = 1003.5217;%%"
}

@Article{CohomOfLineBundles:Proof,
     author    = "Rahn, Thorsten and Roschy, Helmut",
     title     = "{Cohomology of Line Bundles: Proof of the Algorithm}",
     publisher = "AIP",
     year      = "2010",
     journal   = "J.~Math.~Phys.",
     volume    = "51",
     number    = "10",
     eid       = "103520",
     numpages  = "11",
     pages     = "103520",
     doi       = "10.1063/1.3501135",
     eprint    = "1006.2392",
     archivePrefix = "arXiv",
     primaryClass  = "hep-th",
     SLACcitation  = "%%CITATION = 1006.2392;%%"
}

@article{CohomOfLineBundles:Applications,
      author    = "Blumenhagen, Ralph and Jurke, Benjamin and Rahn, Thorsten and Roschy, Helmut",
      title     = "{Cohomology of Line Bundles: Applications}",
      year      = "2010",
      eprint    = "1010.3717",
      archivePrefix = "arXiv",
      primaryClass  = "hep-th",
      SLACcitation  = "%%CITATION = 1010.3717;%%"
}


@Article{Jow:2010arXiv1006.0780J,
		 author = "Shin-Yao Jow",
		 title = "{Cohomology of toric line bundles via simplicial Alexander duality}",
		 archivePrefix = "arXiv",
		 eprint = "1006.0780",
		 primaryClass = "math.AG",
		 year = "2010",
}

@article{Blumenhagen:2011xn,
      author         = "Blumenhagen, Ralph and Jurke, Benjamin and Rahn, Thorsten",
      title          = "{Computational Tools for Cohomology of Toric Varieties}",
      year           = "2011",
      eprint         = "1104.1187",
      archivePrefix  = "arXiv",
      primaryClass   = "hep-th",
}

@article{BRTargetSpaceDuality,
      author         = "Blumenhagen, Ralph and Rahn, Thorsten",
      title          = "{Landscape Study of Target Space Duality of $(0,2)$
                        Heterotic String Models}",
      journal        = "JHEP",
      volume         = "09",
      year           = "2011",
      pages          = "098",
      doi            = "10.1007/JHEP09(2011)098",
      eprint         = "1106.4998",
      archivePrefix  = "arXiv",
      primaryClass   = "hep-th",
      reportNumber   = "MPP-2011-71",
      SLACcitation   = "%%CITATION = ARXIV:1106.4998;%%"
}